@book{podbelsky2015kurs,
  author    = {Подбельский, В. and Фомин, С.},
  title     = {Курс программирования на языке {С}и},
  address   = {М.},
  publisher = {ДМК Пресс},
  year      = {2015},
  numpages  = {384},
  language  = {russian}
}
@online{cppref,
  title        = {Портал по функциям языков C и C++},
  howpublished = {\url{http://www.cplusplus.com/reference}},
  note         = {Accessed: 03.03.2016},
  year         = {2000},
  language     = {english}
}